@article{cefis2005profit, 
	title={Profit differentials and innovation}, 
	author={Cefis, Elena and Ciccarelli, Matteo}, 
	journal={Economics of Innovation and New Technology}, 
	volume={14}, 
	number={1-2}, 
	pages={43--61}, 
	year={2005}, 
	publisher={Taylor \& Francis} 
} 

@article{schumpeter1947creative, 
	title={The creative response in economic history}, 
	author={Schumpeter, Joseph A}, 
	journal={The journal of economic history}, 
	volume={7}, 
	number={2}, 
	pages={149--159}, 
	year={1947}, 
	publisher={Cambridge University Press} 
} 

@book{lederman2013latin, 
	title={Latin American entrepreneurs: many firms but little innovation}, 
	author={Lederman, Daniel and Messina, Juli{\'a}n and Pienknagura, Samuel and Rigolini, Jamele}, 
	year={2013}, 
	publisher={World Bank Publications} 
} 

@article{ayyagari2011firm, 
	title={Firm innovation in emerging markets: the role of finance, governance, and competition}, 
	author={Ayyagari, Meghana and Demirg{\"u}{\c{c}}-Kunt, Asli and Maksimovic, Vojislav}, 
	journal={Journal of Financial and Quantitative Analysis}, 
	volume={46}, 
	number={6}, 
	pages={1545--1580}, 
	year={2011}, 
	publisher={Cambridge University Press} 
} 

@article{ayyagari2010innovating, 
	title={Are innovating firms victims or perpetrators? Tax evasion, bribe payments, and the role of external finance in developing countries}, 
	author={Ayyagari, Meghana and Demirg{\"u}{\c{c}}-Kunt, Asli and Maksimovic, Vojislav}, 
	year={2010} 
} 

@article{kohn1982scale, 
	title={Scale economics in research and development: the Schumpeterian hypothesis}, 
	author={Kohn, Meir and Scott, John T}, 
	journal={The Journal of Industrial Economics}, 
	pages={239--249}, 
	year={1982}, 
	publisher={JSTOR} 
} 

@article{fisher1973returns, 
	title={Returns to scale in research and development: What does the Schumpeterian hypothesis imply?}, 
	author={Fisher, Franklin M and Temin, Peter}, 
	journal={Journal of Political Economy}, 
	volume={81}, 
	number={1}, 
	pages={56--70}, 
	year={1973}, 
	publisher={The University of Chicago Press} 
} 

@article{acs1991r, 
	title={R\&D, firm size and innovative activity}, 
	author={Acs, Zoltan J and Audretsch, David B}, 
	journal={Innovation and technological change: An international comparison}, 
	volume={98}, 
	number={2}, 
	pages={451--456}, 
	year={1991}, 
	publisher={NY: Harvester Wheatsheaf. Papers and Proceedings} 
} 

@book{acs1990innovation, 
	title={Innovation and small firms}, 
	author={Acs, Zoltan J and Audretsch, David B}, 
	year={1990}, 
	publisher={Mit Press} 
} 

@article{acs1988innovation, 
	title={Innovation in large and small firms: an empirical analysis}, 
	author={Acs, Zoltan J and Audretsch, David B}, 
	journal={The American economic review}, 
	pages={678--690}, 
	year={1988}, 
	publisher={JSTOR} 
} 

@article{ac, 
	title={Innovation, market structure, and firm size}, 
	author={Acs, Zoltan J and Audretsch, David B}, 
	journal={The review of Economics and Statistics}, 
	pages={567--574}, 
	year={1987}, 
	publisher={JSTOR} 
} 

@article{bhattacharya2004determinants, 
	title={Determinants of innovation}, 
	author={Bhattacharya, Mita and Bloch, Harry}, 
	journal={Small business economics}, 
	volume={22}, 
	number={2}, 
	pages={155--162}, 
	year={2004}, 
	publisher={Springer} 
}