
% В таком файле ведётся учёт библиографии.

%THEORY


@online{ID1,
	title = {Платежеспособные мощности},
	date = {19.04.18},
	url = {https://www.rbc.ru/newspaper/2018/04/19/5ad72d899a7947de135fa049},
}



@online{ID2,
	title = {Новая волна инвестиций в электроэнергетику РФ подстегнет аппетит к займам},
	date = {20.10.18},
	url = {https://ru.reuters.com/article/idRUKCN1NP250-ORUBS},
}


@online{ID3,
	title = {Модернизации дали добро},
	date = {14.11.17},
	url = {https://peretok.ru/articles/strategy/17037/},
}



@online{ID5,
	title = {Программа модернизации объектов энергогенерации по схеме ДПМ-штрих требует тщательной разработки критериев отбора},
	date = {20.02.18},
	url = {https://www.eprussia.ru/news/base/2018/9126177.htm},
}



@online{ID7,
	title = {«10+10»: энергетика РФ в ожидании новой реформы для выхода из инвестиционной паузы},
	date = {19.04.18},
	url = {https://www.acra-ratings.ru/research/691},
}


@online{ID7,
	title = {Таргетирование инфляции ужесточит тарифную политику, но не остановит рост энергоцен в России},
	date = {24.04.17},
	url = {https://www.acra-ratings.ru/research/201},
}
